@online {one2020LaTeX,
  author={Partl, Hubert and Hyna, Irene and Schlegl, Elisabeth},
  title  = {一份（不太）简短的\LaTeX2$\varepsilon${}介绍},
  month  = {8},
  year   = {2020},
  url    = {https://drive.iluoli.ren/d/home/public/LaTeX-Docs/lshort-zh-cn.pdf},
}

@online {ctexorg2020ctex,
  author = {CTEX.ORG},
  title  = {\CTeX{} 宏集手册},
  month  = {6},
  year   = {2020},
  url    = {https://drive.iluoli.ren/d/home/public/LaTeX-Docs/ctex.pdf},
}

@article{俞依玲2012latex,
  title={LaTeX 软件在学术论文排版中的应用},
  author={俞依玲 and 张林琳},
  journal={价值工程},
  volume={31},
  number={35},
  pages={209--210},
  year={2012}
}

@article{陈德伟2009用,
  title={用 LaTeX 撰写学位论文},
  author={陈德伟},
  journal={教育技术导刊},
  number={11},
  pages={100--102},
  year={2009}
}

@article{尚宝欣2012浅谈用,
  title={浅谈用 PowerPoint 与 Beamer 制作演示文稿的差别},
  author={尚宝欣 and 徐屹},
  journal={华章},
  volume={27},
  year={2012}
}

